@book{LipskyStreetLevelBureaucracy30th2010,
	title = {Street-{Level} {Bureaucracy}, 30th {Anniversary} {Edition}: {Dilemmas} of the {Individual} in {Public} {Service}},
	isbn = {978-1-61044-663-1},
	publisher = {Johns Hopkins University Press},
	author = {Lipsky, Michael},
	year = {2010}
}

@article{LambsdorffCorruptionRentSeeking2002,
	title = {Corruption and {Rent}-{Seeking}},
	volume = {113},
	journal = {Public Choice},
	author = {Lambsdorff, Johann G.},
	year = {2002},
	pages = {97--125}
}

@article{OlkenCorruptionCostsRedistribution2006,
	title = {Corruption and the costs of redistribution: {Micro} evidence from {Indonesia}},
	volume = {90},
	journal = {Journal of Public Economics},
	author = {Olken, Benjamin A.},
	year = {2006},
	pages = {853--870}
}

@article{Treismancausescorruptioncrossnational2000,
	title = {The causes of corruption: a cross-national study},
	volume = {76},
	journal = {Journal of Public Economics},
	author = {Treisman, Daniel},
	year = {2000},
	pages = {399--457}
}

@article{FismanDecentralizationcorruptionevidence2002,
	title = {Decentralization and corruption: evidence across countries},
	volume = {83},
	journal = {Journal of Public Economics},
	author = {Fisman, Raymond and Gatti, Roberta},
	year = {2002},
	pages = {325--345}
}

@article{FanPoliticaldecentralizationcorruption2009,
	title = {Political decentralization and corruption: {Evidence} from around the world},
	volume = {93},
	journal = {Journal of Public Economics},
	author = {Fan, C. Simon and Lin, Chen and Treisman, Daniel},
	year = {2009},
	pages = {14--34}
}

@article{ChoudhuryGovernmentaldecentralizationcorruption2015,
	title = {Governmental decentralization and corruption revisited: {Accounting} for potential endogeneity},
	volume = {136},
	journal = {Economics Letters},
	author = {Choudhury, Sanchari},
	year = {2015},
	pages = {218--222}
}

@article{CalonicoRobustNonparametricConfidence2014,
	title = {Robust {Nonparametric} {Confidence} {Intervals} for {Regression}-{Discontinuity} {Designs}},
	volume = {82},
	journal = {Econometrica},
	author = {Calonico, Sebastian and Cattaneo, Matias D. and Titiunik, Rocío},
	year = {2014},
	pages = {2295--2326}
}

@article{CalonicoOptimalDataDrivenRegression2015,
	title = {Optimal {Data}-{Driven} {Regression} {Discontinuity} {Plots}},
	volume = {110},
	journal = {Journal of the American Statistical Association},
	author = {Calonico, Sebastian and Cattaneo, Matias D. and Titiunik, Rocío},
	year = {2015},
	pages = {1753--1769}
}

@article{CattaneoInterpretingRegressionDiscontinuity2016,
	title = {Interpreting {Regression} {Discontinuity} {Designs} with {Multiple} {Cutoffs}},
	volume = {78},
	journal = {The Journal of Politics},
	author = {Cattaneo, Matias D. and Keele, Luke and Titiunik, Rocío and Vazquez-Bare, Gonzalo},
	year = {2016},
	pages = {1229--1248}
}

@article{CattaneoAnalysisRegressionDiscontinuity2018,
	title = {Analysis of {Regression} {Discontinuity} {Designs} with {Multiple} {Cutoffs} or {Multiple} {Scores}},
	journal = {Working Paper},
	author = {Cattaneo, Matias D. and Titiunik, Rocío and Vazquez-Bare, Gonzalo},
	year = {2018}
}

@article{OlkenCorruptionDevelopingCountries2012b,
	title = {Corruption in {Developing} {Countries}},
	volume = {4},
	journal = {Annual Review of Economics},
	author = {Olken, Benjamin A. and Pande, Rohini},
	year = {2012},
	pages = {479--509}
}

@article{BeckerCrimePunishmentEconomic1968,
	title = {Crime and {Punishment}: {An} {Economic} {Approach}},
	volume = {76},
	journal = {Journal of Political Economy},
	author = {Becker, Gary S.},
	year = {1968},
	pages = {169--217}
}

@article{StiglerOptimumEnforcementLaws1970,
	title = {The {Optimum} {Enforcement} of {Laws}},
	volume = {78},
	journal = {Journal of Political Economy},
	author = {Stigler, George J.},
	year = {1970},
	pages = {526--536}
}

@article{BeckerLawEnforcementMalfeasance1974,
	title = {Law {Enforcement}, {Malfeasance}, and {Compensation} of {Enforcers}},
	volume = {3},
	journal = {The Journal of Legal Studies},
	author = {Becker, Gary S. and Stigler, George J.},
	year = {1974},
	pages = {1--18}
}

@article{Rose-AckermanEconomicsCorruption1975,
	title = {The {Economics} of {Corruption}},
	volume = {4},
	journal = {Journal of Public Economics},
	author = {Rose-Ackerman, Susan},
	year = {1975},
	pages = {187--203}
}

@article{FerrazExposingCorruptPoliticians2008b,
	title = {Exposing {Corrupt} {Politicians}: {The} {Effects} of {Brazil}'s {Publicly} {Released} {Audits} on {Electoral} {Outcomes}},
	volume = {123},
	journal = {The Quarterly Journal of Economics},
	author = {Ferraz, Claudio and Finan, Frederico},
	year = {2008},
	pages = {703--745}
}

@article{FerrazElectoralAccountabilityCorruption2011a,
	title = {Electoral {Accountability} and {Corruption}: {Evidence} from the {Audits} of {Local} {Governments}},
	volume = {101},
	journal = {American Economic Review},
	author = {Ferraz, Claudio and Finan, Frederico},
	year = {2011},
	pages = {1274--1311}
}

@article{FerrazCorruptinglearningEvidence2012,
	title = {Corrupting learning: {Evidence} from missing federal education funds in {Brazil}},
	volume = {96},
	journal = {Journal of Public Economics},
	author = {Ferraz, Claudio and Finan, Frederico and Moreira, Diana B.},
	year = {2012},
	pages = {712--726}
}

@article{LichandCorruptionGoodYour2017,
	title = {Is {Corruption} {Good} for {Your} {Health}?},
	journal = {Working Paper},
	author = {Lichand, Guilherme and Lopes, Marcos F. M. and Medeiros, Marcelo M.},
	year = {2017}
}

@article{ZamboniAuditRiskRent2018,
	title = {Audit {Risk} and {Rent} {Extraction}: {Evidence} from a {Randomized} {Evaluation} in {Brazil}},
	volume = {134},
	journal = {Journal of Development Economics},
	author = {Zamboni, Yves and Litschig, Stephan},
	year = {2018},
	pages = {133--149}
}

@article{LitschigJudicialPresenceRent2015,
	title = {Judicial {Presence} and {Rent} {Extraction}},
	journal = {Barcelona GSE Working Paper Series Working Paper 796},
	author = {Litschig, Stephan and Zamboni, Yves},
	year = {2015}
}

@article{GrimmerTextDataPromise2013a,
	title = {Text as {Data}: {The} {Promise} and {Pitfalls} of {Automatic} {Content} {Analysis} {Methods} for {Political} {Texts}},
	volume = {21},
	journal = {Political Analysis},
	author = {Grimmer, Justin and Stewart, Brandon M.},
	year = {2013},
	pages = {267--297}
}

@article{AssumpcaotextfindDataDrivenText2018,
	title = {textfind: {A} {Data}-{Driven} {Text} {Analysis} {Tool} for {Stata}},
	journal = {Working Paper},
	author = {Assumpcao, Andre},
	year = {2018}
}

@article{HopkinsMethodAutomatedNonparametric2009,
	title = {A {Method} of {Automated} {Nonparametric} {Content} {Analysis} for {Social} {Science}},
	volume = {54},
	journal = {American Journal of Political Science},
	author = {Hopkins, Daniel and King, Gary},
	year = {2009},
	pages = {229--247}
}

@article{ChongDoesCorruptionInformation2015,
	title = {Does {Corruption} {Information} {Inspire} the {Fight} or {Quash} the {Hope}? {A} {Field} {Experiment} in {Mexico} on {Voter} {Turnout}, {Choice}, and {Party} {Identification}},
	volume = {77},
	journal = {The Journal of Politics},
	author = {Chong, Alberto and De La O, Ana and Dean Karlan and Wantchekon, Leonard},
	year = {2015},
	pages = {55--71}
}

@article{AvisGovernmentAuditsReduce2018,
	title = {Do {Government} {Audits} {Reduce} {Corruption}? {Estimating} the {Impacts} of {Exposing} {Corrupt} {Politicians}},
	journal = {Journal of Political Economy},
	author = {Avis, Eric and Finan, Frederico and Ferraz, Claudio},
	year = {2018}
}

@article{McCraryManipulationRunningVariable2008,
	title = {Manipulation of the {Running} {Variable} in the {Regression} {Discontinuity} {Design}: {A} {Density} {Test}},
	volume = {142},
	journal = {Journal of Econometrics},
	author = {McCrary, Justin},
	year = {2008},
	pages = {698--714}
}

@book{AngristMostlyharmlesseconometrics2008,
	title = {Mostly harmless econometrics: {An} empiricist's companion},
	publisher = {Princeton university press},
	author = {Angrist, Joshua D. and Pischke, Jörn-Steffen},
	year = {2008}
}
